<?xml version="1.0" encoding="UTF-8"?><collection xmlns="http://www.loc.gov/MARC21/slim"><record><leader>00619nam--2200193-i-4500</leader><controlfield tag="001">000020041</controlfield><controlfield tag="002">20161230</controlfield><controlfield tag="005">20161230201033</controlfield><controlfield tag="008">060222s1000------------r-----000-0-eng-d</controlfield><datafield ind1=" " ind2=" " tag="020"><subfield code="a">0306305887</subfield></datafield><datafield ind1=" " ind2=" " tag="040"><subfield code="a">IFIN-HH</subfield></datafield><datafield ind1=" " ind2=" " tag="080"><subfield code="a">538.915(075.9)</subfield></datafield><datafield ind1="1" ind2=" " tag="100"><subfield code="a">Muus, L.T</subfield></datafield><datafield ind1="1" ind2="0" tag="245"><subfield code="a">Electron spin relaxation in liquids</subfield><subfield code="b">Based on lectures given at the nato advanced study institute held at spatind norway , in august 1971</subfield><subfield code="c">L.t. muus, p.w. atkins (eds.)</subfield></datafield><datafield ind1=" " ind2=" " tag="260"><subfield code="a">New York</subfield><subfield code="b">Plenum Press</subfield><subfield code="c">1972</subfield></datafield><datafield ind1=" " ind2=" " tag="300"><subfield code="a">XIV + 537 P</subfield></datafield><datafield ind1="1" ind2=" " tag="700"><subfield code="a">Atkins, P.W</subfield><subfield code="e">Ed</subfield></datafield><datafield ind1=" " ind2=" " tag="852"><subfield code="a">70206</subfield><subfield code="c">539.143.43</subfield></datafield><datafield ind1=" " ind2=" " tag="CAT"><subfield code="a">Sys</subfield><subfield code="c">20120510</subfield><subfield code="h">195207</subfield></datafield></record></collection>